<?xml version="1.0" encoding="UTF-8"?><collection><record><leader>07748ntm a2200601 a 4500</leader><controlfield tag="001">006834044</controlfield><controlfield tag="003">MiAaHDL</controlfield><controlfield tag="005">20190719000000.0</controlfield><controlfield tag="006">m        d        </controlfield><controlfield tag="007">cr bn ---auaua</controlfield><controlfield tag="008">090702q17571799xx            00| ||ara d</controlfield><datafield tag="035" ind1=" " ind2=" "><subfield code="a">(MiU)006834044</subfield></datafield><datafield tag="035" ind1=" " ind2=" "><subfield code="a">sdr-miu006834044</subfield></datafield><datafield tag="040" ind1=" " ind2=" "><subfield code="a">MiU</subfield><subfield code="c">MiU</subfield><subfield code="e">amremm</subfield></datafield><datafield tag="043" ind1=" " ind2=" "><subfield code="a">n-us-mi</subfield></datafield><datafield tag="100" ind1="1" ind2=" "><subfield code="6">880-01</subfield><subfield code="a">Ḥifnī, Muḥammad ibn Sālim,</subfield><subfield code="d">1689 or 1690-1767 or 1768.</subfield></datafield><datafield tag="245" ind1="1" ind2="0"><subfield code="6">880-03</subfield><subfield code="a">Hādhihi Hawāshin tafūqu nafāʼis al-durar ʻalá Sharḥ al-Hamzīyah,</subfield><subfield code="f">[late 18th century?].</subfield></datafield><datafield tag="246" ind1="3" ind2="8"><subfield code="a">حاشية الحفني</subfield></datafield><datafield tag="246" ind1="3" ind2=" "><subfield code="i">Title from inscription on 'title page' (p.1):</subfield><subfield code="a">حاشية شيخ الاسلام ملك العلماء الاعلام العارف بالله تعالى سيدي محمد الحفني على شرح الامام شهاب الدين احمد ابن حجر على متن الهمزية</subfield></datafield><datafield tag="260" ind1=" " ind2=" "><subfield code="c">[1757-1799].</subfield></datafield><datafield tag="300" ind1=" " ind2=" "><subfield code="a">124 leaves :</subfield><subfield code="b">paper ;</subfield><subfield code="c">221 x 158 (170 x 113) mm. bound to 230 x 167 mm.</subfield></datafield><datafield tag="500" ind1=" " ind2=" "><subfield code="a">Shelfmark: Ann Arbor, University of Michigan, Special Collections Library, Isl. Ms. 1004</subfield></datafield><datafield tag="500" ind1=" " ind2=" "><subfield code="a">Origin: As appears in authorial colophon on p.248, composition completed 1 Shaʻbān 1170 [ca. 21 April 1757] (compare close of al-Maktabah al-Bārūnīyah no. 50.220). Date of copying is not specified, though paper, hand, etc. suggest ca. 1771, not long after composition.</subfield></datafield><datafield tag="500" ind1=" " ind2=" "><subfield code="a">Former shelfmark: Mich. Isl. Ms. temp. no. 153</subfield></datafield><datafield tag="500" ind1=" " ind2=" "><subfield code="a">Binding: Boards covered in dark blue textured cloth with dark blue leather over spine (quarter binding) ; Western style binding ; pastedowns and flyleaves in wove paper printed with a floral vegetal pattern in pink and green ; spine gold-stamped with title and decorative accents over raised bands "حاشية الحفني" ; sewn in white thread over three recessed cords ; overall in good condition.</subfield></datafield><datafield tag="500" ind1=" " ind2=" "><subfield code="a">Support: European laid paper with 6 laid lines per cm. (vertical), chain lines spaced 26-27 mm. apart (horizontal), and three crescents / tre lune watermark with P (roughly 105 mm. long, perpendicular to chains, see pp.16, 22, 24, 40, 42, etc. and compare no.769 / dated 1771 in Velkov and Andreev, Filigranes dans les documents ottomans. I Trois croissants), quite sturdy, cream to buff in color, well-burnished to glossy.</subfield></datafield><datafield tag="500" ind1=" " ind2=" "><subfield code="a">Decoration: Keywords rubricated ; textual dividers in the form of inverted commas and stylized florets (or v-signs, resembling fleurs de lis or crosses at times) in red.</subfield></datafield><datafield tag="500" ind1=" " ind2=" "><subfield code="a">Script: Naskh ; careful, clear Egyptian hand in a medium line ; partially seriffed with long serif on occasional alif, slight effect of tilt to the right, curvilinear descenders, pointing mainly in strokes or conjoined dots, alif maqṣūrah pointed as yāʼ ; two replacement leaves at opening (pp.1-4) in a different hand (with final yāʼ usually unpointed).</subfield></datafield><datafield tag="500" ind1=" " ind2=" "><subfield code="a">Layout: Written mainly in 23 lines per page ; frame-ruled.</subfield></datafield><datafield tag="500" ind1=" " ind2=" "><subfield code="a">Collation: i, 6 (6), V-1 (15), V (25), V-1 (34), 3 V(64), V-1 (73), 4 V(113), VI-1 (124), i ; almost exclusively quinions (with many anomalous) with final senion ; missing most of first and second gatherings though two replacement leaves for opening matter have been supplied (see pp.1-4), followed by a misplaced leaf from the final gathering (carrying pp.5-6, p.6 should follow p.246 and p.247 should follow p.5) and the opening three leaves of the second gathering (pp.7-12) bound in backwards and in reverse order ; quire numbering in the form of Hindu-Arabic numerals under letter kāf in upper outer corner of recto of opening leaf of each quire ; catchwords present ; pagination in pencil, Western numerals, supplied during digitization.</subfield></datafield><datafield tag="500" ind1=" " ind2=" "><subfield code="a">Colophon: "Authorial," reads "وكان الفراغ من تعليقها يوم الاربعاء غرة شهر شعبان سنة سبعين ومائة والف من هجرة اشرف المرسلين عليه افضل الصلاة والسلام واسأل الله من فضله حسن الختام ولا حول ولا قوة الا بالله العلي العظيم تم"</subfield></datafield><datafield tag="500" ind1=" " ind2=" "><subfield code="a">Explicit: "انقطاع كما سبق له قريبا وهذا آخر ما من به الملك الوهاب واليه سبحانه وتعالى المرجع والمآب نسأله من فضله يجعلها هداية نافعة لكل قلب منيب كاشفة ظلمات الاوهام عن كل صب مصيب والحمد لله رب العالمين والصلاة والسلام على خاتم المرسلين ... وعلى اله واصحابه وازواجه واحبابه"</subfield></datafield><datafield tag="500" ind1=" " ind2=" "><subfield code="a">Incipit: "قال قرة عيون اعيان العارفين وغرة جباه وجوه وجوه [كذا] العارفين ملاذ من الى جنابه التجا ومعاذ كل ملهوف منقطع الرجاء ... سيدي محمد الحفناوي متع الله بوجوده الوجود ... بسم الله الرحمن الرحيم حمدا لمن جعل احبابه ادلاء على سبيل الهداية وامدهم بلوامع الانوار وسواطع الاسرار ... وبعد فيقول فقير المغني عبد مولاه محمد الحفني هذه حواش تفوق نفائس الدرر على شرح الهمزية للعلامة الشهاب ابن حجر ..."</subfield></datafield><datafield tag="500" ind1=" " ind2=" "><subfield code="a">Title from opening matter on p.2.</subfield></datafield><datafield tag="500" ind1=" " ind2=" "><subfield code="a">Ms. codex.</subfield></datafield><datafield tag="510" ind1="4" ind2=" "><subfield code="a">Velkov, Asparoukh and Stephane Andreev. Filigranes dans les documents ottomans. I Trois croissants [= Водни знаци в Османотурските документи. I Три луни]. Sofia: Bibliotheque Nationale "Cyrille et Methode" Comission Archeographique Bulgare Section Orientale, 1983.</subfield></datafield><datafield tag="510" ind1="4" ind2=" "><subfield code="a">Fihris makhṭūṭāt al-Maktabah al-Bārūnīyah bi-Jarbah, ed. Saʻīd ibn Yūsuf al-Bārūnī (Tūnis: al-Jumhūrīyah al-Tūnisīyah Wizārat al-Thaqāfah Dār al-Kutub al-Waṭanīyah, 1998),</subfield><subfield code="c">no. 50.220, p.33</subfield></datafield><datafield tag="510" ind1="4" ind2=" "><subfield code="a">Brockelmann, C. GAL,</subfield><subfield code="c">I 264–5 ; S I 467–72</subfield></datafield><datafield tag="510" ind1="4" ind2=" "><subfield code="a">Brockelmann, C. GAL,</subfield><subfield code="c">II 388 ; S II 527</subfield></datafield><datafield tag="520" ind1="8" ind2=" "><subfield code="a">Fine though partly acephalous copy of the gloss by Muḥammad al-Ḥifnāwī (al-Ḥifnī, d.1767 or 8) on the commentary by Shihāb al-Dīn Aḥmad Ibn Ḥajar al-Haytamī (d.1567) on al-Būṣīrī's (d.1296?) poem in praise of the Prophet entitled al-Qaṣīdah al-hamzīyah fī madḥ al-nabawīyah.</subfield></datafield><datafield tag="538" ind1=" " ind2=" "><subfield code="a">Mode of access: Internet.</subfield></datafield><datafield tag="541" ind1=" " ind2=" "><subfield code="a">Acquired in the Fall of 1950.</subfield></datafield><datafield tag="546" ind1=" " ind2=" "><subfield code="a">Arabic.</subfield></datafield><datafield tag="561" ind1=" " ind2=" "><subfield code="a">On upper pastedown, label with ex libris of James Heyworth-Dunne (d.1974), stamped with inventory number, "Ex Libris | J. Heyworth-Dunne | D. Lit. (London) | No. 9021" ; UM Library inscription on p.3 "Dunning | Heyworth-Dunne | 6-13-51 | 71955" ; occasional corrections (with signes de renvoi) and collation marks ("بلغ مقابلة" and "مقابلة").</subfield></datafield><datafield tag="600" ind1="1" ind2="0"><subfield code="a">Ibn Ḥajar al-Haythamī, Aḥmad ibn Muḥammad,</subfield><subfield code="d">ca. 1503-ca. 1566.</subfield><subfield code="t">Sharḥ ʻalá matn al-Hamzīyah.</subfield></datafield><datafield tag="600" ind1="0" ind2="0"><subfield code="a">Muḥammad,</subfield><subfield code="c">Prophet,</subfield><subfield code="d">-632</subfield><subfield code="v">Poetry.</subfield></datafield><datafield tag="650" ind1=" " ind2="0"><subfield code="a">Manuscripts, Arabic</subfield><subfield code="z">Michigan</subfield><subfield code="z">Ann Arbor.</subfield></datafield><datafield tag="700" ind1="1" ind2=" "><subfield code="a">Heyworth-Dunne, J.</subfield><subfield code="q">(James),</subfield><subfield code="e">former owner.</subfield></datafield><datafield tag="700" ind1="1" ind2=" "><subfield code="6">880-05</subfield><subfield code="a">Būṣīrī, Sharaf al-Dīn Muḥammad ibn Saʻīd,</subfield><subfield code="d">1213?-1296?</subfield><subfield code="t">Hamzīyah fī madḥ Khayr al-Barīyah.</subfield></datafield><datafield tag="773" ind1="0" ind2=" "><subfield code="a">Heyworth-Dunne Collection.</subfield></datafield><datafield tag="880" ind1="1" ind2=" "><subfield code="6">700-05/</subfield><subfield code="a">بوصيري، شرف الدين محمد بن سعيد.</subfield><subfield code="t">همزية في مدح خير البرية.</subfield></datafield><datafield tag="880" ind1="1" ind2="0"><subfield code="6">245-03/</subfield><subfield code="a">هذه حواش تفوق نفائس الدرر على شرح الهمزية,</subfield><subfield code="f">[اواخر القرن 18م؟].</subfield></datafield><datafield tag="880" ind1="1" ind2=" "><subfield code="6">100-01/</subfield><subfield code="a">حفني، محمد بن سالم.</subfield></datafield><datafield tag="CID" ind1=" " ind2=" "><subfield code="a">006834044</subfield></datafield><datafield tag="DAT" ind1="0" ind2=" "><subfield code="a">20190719102641.0</subfield><subfield code="b">20190719000000.0</subfield></datafield><datafield tag="DAT" ind1="1" ind2=" "><subfield code="a">20190719090653.0</subfield><subfield code="b">2019-07-19T16:12:15Z</subfield></datafield><datafield tag="DAT" ind1="2" ind2=" "><subfield code="a">2015-10-10T18:00:06Z</subfield></datafield><datafield tag="CAT" ind1=" " ind2=" "><subfield code="a">SDR-MIU</subfield><subfield code="d">EX LIBRIS - ALEPH</subfield><subfield code="l">prepare.pl-004-008</subfield></datafield><datafield tag="FMT" ind1=" " ind2=" "><subfield code="a">BK</subfield></datafield><datafield tag="HOL" ind1=" " ind2=" "><subfield code="0">sdr-miu006834044</subfield><subfield code="a">MiU</subfield><subfield code="b">SDR</subfield><subfield code="c">MIU</subfield><subfield code="p">mdp.39015079131911</subfield><subfield code="s">MIU</subfield><subfield code="1">006834044</subfield></datafield><datafield tag="974" ind1=" " ind2=" "><subfield code="b">MIU</subfield><subfield code="c">MIU</subfield><subfield code="d">20190719</subfield><subfield code="s">lit-dlps-dc</subfield><subfield code="u">mdp.39015079131911</subfield><subfield code="y">1799</subfield><subfield code="r">pd</subfield><subfield code="q">bib</subfield><subfield code="t">non-US bib date2 &lt; 1879</subfield></datafield></record></collection>